<collection xmlns="http://www.loc.gov/MARC21/slim">
<record>
  <leader>01059nam0a2200241 i 450 </leader>
  <controlfield tag="001">IT\ICCU\CNCE\004297</controlfield>
  <controlfield tag="005">19970101000000.0</controlfield>
  <datafield tag="012" ind1=" " ind2=" ">
    <subfield code="a">t.r. 2.n- e-ce neau (3) 1559 (R)</subfield>
    <subfield code="2">fei</subfield>
  </datafield>
  <datafield tag="100" ind1=" " ind2=" ">
    <subfield code="a">19970101d1559        0itac0103    ba</subfield>
  </datafield>
  <datafield tag="101" ind1=" " ind2=" ">
    <subfield code="a">LAT</subfield>
  </datafield>
  <datafield tag="102" ind1=" " ind2=" ">
    <subfield code="a">IT</subfield>
  </datafield>
  <datafield tag="200" ind1="1" ind2=" ">
    <subfield code="a">Dialogi grammaticae iuueniles sane quam utiles</subfield>
  </datafield>
  <datafield tag="210" ind1=" " ind2=" ">
    <subfield code="a">Panormi</subfield>
    <subfield code="c">apud Io. Mattheum Maidam ad instantiam Francisci Carrara</subfield>
    <subfield code="d">et fratrum</subfield>
    <subfield code="d">1559</subfield>
  </datafield>
  <datafield tag="215" ind1=" " ind2=" ">
    <subfield code="a">\15!, 159, \9! c.</subfield>
    <subfield code="d">8ʻ</subfield>
  </datafield>
  <datafield tag="620" ind1=" " ind2=" ">
    <subfield code="a">IT</subfield>
    <subfield code="d">Palermo</subfield>
  </datafield>
  <datafield tag="700" ind1=" " ind2="1">
    <subfield code="a">Bartoleo,</subfield>
    <subfield code="b">Fabrizio</subfield>
    <subfield code="3">IT\ICCU\CNCA\001410</subfield>
  </datafield>
  <datafield tag="712" ind1="0" ind2="0">
    <subfield code="a">Mayda, Giovanni Matteo</subfield>
    <subfield code="3">IT\ICCU\CNCT\000016</subfield>
    <subfield code="4">650</subfield>
  </datafield>
  <datafield tag="712" ind1="0" ind2="0">
    <subfield code="a">Carrara, Giovanni Francesco &amp; fratelli</subfield>
    <subfield code="3">IT\ICCU\CNCT\000913</subfield>
    <subfield code="4">650</subfield>
  </datafield>
  <datafield tag="791" ind1="0" ind2="0">
    <subfield code="a">Maida, Giovanni Matteo</subfield>
    <subfield code="3">IT\ICCU\CNCT\003506</subfield>
    <subfield code="z">Mayda, Giovanni Matteo</subfield>
  </datafield>
  <datafield tag="791" ind1="0" ind2="0">
    <subfield code="a">Maida, Ioannes Matthaeus</subfield>
    <subfield code="3">IT\ICCU\CNCT\005110</subfield>
    <subfield code="z">Mayda, Giovanni Matteo</subfield>
  </datafield>
  <datafield tag="791" ind1="0" ind2="0">
    <subfield code="a">Mayda, Ioannes Mattheus de</subfield>
    <subfield code="3">IT\ICCU\CNCT\005112</subfield>
    <subfield code="z">Mayda, Giovanni Matteo</subfield>
  </datafield>
  <datafield tag="801" ind1=" " ind2="3">
    <subfield code="a">IT</subfield>
    <subfield code="b">ICCU</subfield>
    <subfield code="c">20201113</subfield>
  </datafield>
  <datafield tag="899" ind1=" " ind2=" ">
    <subfield code="a">Biblioteca centrale della Regione siciliana Alberto Bombace. Palermo</subfield>
    <subfield code="1">PA0064</subfield>
    <subfield code="2">PAL BP</subfield>
  </datafield>
</record>
</collection>
